@article{chance2020,
	title = {Conditional probability and the length of a championship series in baseball, basketball, and hockey},
	author = {Chance, Don},
	year = {2020},
	month = {01},
	date = {2020-01-01},
	journal = {Journal of Sports Analytics},
	pages = {111--127},
	volume = {6},
	number = {2},
	doi = {10.3233/JSA-200422},
	url = {https://content.iospress.com/articles/journal-of-sports-analytics/jsa200422},
	note = {Publisher: IOS Press},
	langid = {en}
}

@article{steeger2021,
	title = {Winning and losing streaks in the National Hockey League: are teams experiencing momentum or are games a sequence of random events?},
	author = {Steeger, Gregory M. and Dulin, Johnathon L. and Gonzalez, Gerardo O.},
	year = {2021},
	date = {2021},
	journal = {Journal of Quantitative Analysis in Sports},
	pages = {155{\textendash}170},
	volume = {17},
	number = {3},
	note = {Publisher: De Gruyter}
}
